<?xml version="1.0" encoding="UTF-8"?>
<collection xmlns:xsi="http://www.w3.org/2001/XMLSchema-instance" xsi:schemaLocation="http://www.loc.gov/MARC21/slim http://www.loc.gov/standards/marcxml/schema/MARC21slim.xsd" xmlns="http://www.loc.gov/MARC21/slim">
<record>
  <leader>01380cam a2200325 a 4500</leader>
  <controlfield tag="001">3076389</controlfield>
  <controlfield tag="003">NNC</controlfield>
  <controlfield tag="005">20140126215240.0</controlfield>
  <controlfield tag="008">930908m19171920tu            000 0 arard</controlfield>
  <datafield tag="010" ind1=" " ind2=" ">
    <subfield code="a">   74214117 </subfield>
  </datafield>
  <datafield tag="035" ind1=" " ind2=" ">
    <subfield code="a">(OCoLC)504989711</subfield>
  </datafield>
  <datafield tag="035" ind1=" " ind2=" ">
    <subfield code="a">(OCoLC)ocn504989711</subfield>
  </datafield>
  <datafield tag="035" ind1=" " ind2=" ">
    <subfield code="9">ATP9987CU</subfield>
  </datafield>
  <datafield tag="035" ind1=" " ind2=" ">
    <subfield code="a">(NNC)3076389</subfield>
  </datafield>
  <datafield tag="040" ind1=" " ind2=" ">
    <subfield code="a">DLC</subfield>
    <subfield code="c">CUY</subfield>
    <subfield code="d">CUY</subfield>
    <subfield code="d">ZCU</subfield>
    <subfield code="d">UkOxU</subfield>
  </datafield>
  <datafield tag="050" ind1="0" ind2=" ">
    <subfield code="a">BP130.4</subfield>
    <subfield code="b">.J28</subfield>
  </datafield>
  <datafield tag="066" ind1=" " ind2=" ">
    <subfield code="c">(3</subfield>
  </datafield>
  <datafield tag="090" ind1=" " ind2=" ">
    <subfield code="a">BP192.2</subfield>
    <subfield code="b">Jas</subfield>
  </datafield>
  <datafield tag="100" ind1="1" ind2=" ">
    <subfield code="6">880-01</subfield>
    <subfield code="a">Jaṣṣāṣ, Aḥmad ibn ʻAlī,</subfield>
    <subfield code="d">917-982.</subfield>
  </datafield>
  <datafield tag="240" ind1="1" ind2="0">
    <subfield code="6">880-02</subfield>
    <subfield code="a">Aḥkām al-Qurʼān</subfield>
  </datafield>
  <datafield tag="245" ind1="1" ind2="0">
    <subfield code="6">880-03</subfield>
    <subfield code="a">Kitāb aḥkām al-Qurʾān /</subfield>
    <subfield code="c">taʾlīf Abī Bakr Aḥmad ibn ʻAlī al-Rāzī al-Jaṣṣāṣ al-Ḥanafī.</subfield>
  </datafield>
  <datafield tag="260" ind1=" " ind2=" ">
    <subfield code="6">880-04</subfield>
    <subfield code="a">Dār al-Khilāfah al-ʻAlīyah [Istanbul] :</subfield>
    <subfield code="b">Maṭbaʻat al-Awqāf al-Islāmīyah,</subfield>
    <subfield code="c">1335-1338 [1917-1920]</subfield>
  </datafield>
  <datafield tag="300" ind1=" " ind2=" ">
    <subfield code="a">3 v. in 2 ;</subfield>
    <subfield code="c">28 cm.</subfield>
  </datafield>
  <datafield tag="650" ind1=" " ind2="0">
    <subfield code="a">Islamic law.</subfield>
  </datafield>
  <datafield tag="880" ind1="1" ind2=" ">
    <subfield code="6">100-01/(3/r</subfield>
    <subfield code="a">جصاص، أحمد بن علي,</subfield>
    <subfield code="d">917-982.</subfield>
  </datafield>
  <datafield tag="880" ind1="1" ind2="0">
    <subfield code="6">240-02/(3/r</subfield>
    <subfield code="a">أحكام القرآن</subfield>
  </datafield>
  <datafield tag="880" ind1="1" ind2="0">
    <subfield code="6">245-03/(3/r</subfield>
    <subfield code="a">كتاب أحكام القرآن /</subfield>
    <subfield code="c">تأليف أبي بكر أحمد بن علي الرازي الجصاص الحنفي.</subfield>
  </datafield>
  <datafield tag="880" ind1=" " ind2=" ">
    <subfield code="6">260-04/(3/r</subfield>
    <subfield code="a">دار الخلافة العلية [إستنبول] :</subfield>
    <subfield code="b">مطبعة الأوقاف الإسلامية،</subfield>
    <subfield code="c">١٣٣٥-١٣٣٨ [١٩١٧-١٩٢٠]</subfield>
  </datafield>
  <datafield tag="955" ind1=" " ind2=" ">
    <subfield code="b">0113465333</subfield>
    <subfield code="d">glx</subfield>
    <subfield code="e">893.7K84 DJ7</subfield>
    <subfield code="v">v.3</subfield>
  </datafield>
</record>
</collection>